<record><leader>00000cas a22000007a 4500</leader><controlfield tag="001">26986923</controlfield><controlfield tag="008">921117d189219uunyuwr ne      0    0eng d</controlfield><datafield ind1=" " ind2=" " tag="010"><subfield code="a">sn 93063757 </subfield></datafield><datafield ind1=" " ind2=" " tag="040"><subfield code="a">NYS</subfield><subfield code="b">eng</subfield><subfield code="c">NYS</subfield><subfield code="d">OCLCQ</subfield></datafield><datafield ind1=" " ind2=" " tag="042"><subfield code="a">msc</subfield></datafield><datafield ind1="0" ind2="0" tag="245"><subfield code="a">Silver Creek gazette.</subfield></datafield><datafield ind1=" " ind2=" " tag="260"><subfield code="a">Silver Creek, N.Y. :</subfield><subfield code="b">Fred W. Thomas</subfield></datafield><datafield ind1=" " ind2=" " tag="300"><subfield code="a">v.</subfield></datafield><datafield ind1=" " ind2=" " tag="310"><subfield code="a">Weekly,</subfield><subfield code="b">&lt;1907-1920&gt;</subfield></datafield><datafield ind1=" " ind2=" " tag="321"><subfield code="a">Weekly,</subfield><subfield code="b">&lt;1892&gt;</subfield></datafield><datafield ind1=" " ind2=" " tag="321"><subfield code="a">Semiweekly,</subfield><subfield code="b">&lt;July 8, 1902-1905&gt;</subfield></datafield><datafield ind1="1" ind2=" " tag="362"><subfield code="a">Began in 1892.</subfield></datafield><datafield ind1=" " ind2=" " tag="515"><subfield code="a">Numbering irregular: Issues for &lt;Feb. 11, 1892-Aug. 15, 1902&gt; numbered &lt;vol. 3, no. 2-v. 13, no. 31&gt;; issue for Dec. 20, 1902 numbered v. 14, no. 16; issues for &lt;Aug. 29, 1903-Feb. 26, 1907&gt; numbered &lt;v. 16, no. 87-v. 25, no. 276&gt;; issue for Apr. 12, 1910 numbered v. 35, no. 474; issue for Feb. 7, 1912 numbered v. 35, no. 561; issues for &lt;Jan. 26, 1917-Dec. 29, 1921&gt; numbered &lt;v. 50, no. 862-v. 51, no. 999&gt;; issues for Nov. 26, 1920 and Apr. 28, 1922 also numbered v. 51, no. 999; Jan. 5, 1922 issue numbered v. 102, no. 34.</subfield></datafield><datafield ind1=" " ind2=" " tag="588"><subfield code="a">Description based on: Vol. 3, no. 2 (Feb. 11, 1892).</subfield></datafield><datafield ind1=" " ind2="4" tag="651"><subfield code="a">Silver Creek (N.Y.) Newspapers.</subfield></datafield><datafield ind1=" " ind2=" " tag="752"><subfield code="a">United States</subfield><subfield code="b">New York</subfield><subfield code="c">Chautauqua</subfield><subfield code="d">Silver Creek.</subfield></datafield><datafield ind1="0" ind2="0" tag="780"><subfield code="t">Hanover gazette (Silver Creek, N.Y.)</subfield><subfield code="w">(DLC)sn 89071397</subfield></datafield></record>